<?xml version="1.0" encoding="UTF-8"?><collection xmlns="http://www.loc.gov/MARC21/slim"><record><leader>00429nam--2200169-i-4500</leader><controlfield tag="001">000016624</controlfield><controlfield tag="002">20161230</controlfield><controlfield tag="005">20161230201031</controlfield><controlfield tag="008">060222s1000------------r-----000-0-rum-d</controlfield><datafield ind1=" " ind2=" " tag="041"><subfield code="a">rum</subfield></datafield><datafield ind1=" " ind2=" " tag="080"><subfield code="a">539.3:550.3</subfield></datafield><datafield ind1="1" ind2=" " tag="100"><subfield code="a">Bratosin, Dinu</subfield></datafield><datafield ind1="1" ind2="0" tag="245"><subfield code="a">Aspecte neliniare in mecanica paminturilor</subfield><subfield code="c">Dinu bratosin</subfield></datafield><datafield ind1=" " ind2=" " tag="260"><subfield code="a">EDITURA TEHNICA</subfield><subfield code="c">1996</subfield></datafield><datafield ind1=" " ind2=" " tag="300"><subfield code="a">188 P</subfield></datafield><datafield ind1=" " ind2=" " tag="852"><subfield code="a">80626</subfield><subfield code="c">550.3</subfield></datafield><datafield ind1=" " ind2=" " tag="CAT"><subfield code="a">Sys</subfield><subfield code="c">20110408</subfield><subfield code="h">092421</subfield></datafield></record></collection>